<record xmlns="http://www.loc.gov/MARC21/slim" xmlns:xsi="http://www.w3.org/2001/XMLSchema-instance" xsi:schemaLocation="http://www.loc.gov/MARC21/slim http://www.loc.gov/standards/marcxml/schema/MARC21slim.xsd">

  <leader>00702nab a2200169 a 4500</leader>
  <controlfield tag="008">150729b2010    CR ||||| |||| 00| 0 spa d</controlfield>
  <datafield tag="022" ind2=" " ind1=" ">
    <subfield code="a">1409-2522</subfield>
  </datafield>
  <datafield tag="090" ind2=" " ind1=" ">
    <subfield code="a">05.05.02 </subfield>
    <subfield code="b">1992</subfield>
  </datafield>
  <datafield ind1="1" tag="100" ind2=" ">
    <subfield code="9">252</subfield>
    <subfield code="a">Villarreal Montoya, Ana Lucía</subfield>
  </datafield>
  <datafield ind2="0" tag="245" ind1="1">
    <subfield code="a">Publicidad televisiva reproduce cautiverios femeninos / </subfield>
    <subfield code="c">Ana Lucía Villareal</subfield>
  </datafield>
  <datafield ind1=" " tag="260" ind2=" ">
    <subfield code="a">San José. Costa Rica: </subfield>
    <subfield code="b">Oficina de Publicaciones de la Universidad de Costa Rica, </subfield>
    <subfield code="c">2010</subfield>
  </datafield>
  <datafield ind1=" " ind2=" " tag="300">
    <subfield code="a">pp.136-154</subfield>
  </datafield>
  <datafield ind1="1" tag="650" ind2="4">
    <subfield code="a">GÉNERO</subfield>
    <subfield code="9">69</subfield>
  </datafield>
  <datafield tag="650" ind2="4" ind1="1">
    <subfield code="a">SEMIOLOGÍA</subfield>
    <subfield code="9">568</subfield>
  </datafield>
  <datafield ind1="0" ind2=" " tag="773">
    <subfield code="d">San José, Costa Rica :  Oficina de Publicaciones de la Universidad de Costa Rica,  2010</subfield>
    <subfield code="o">002328 </subfield>
    <subfield code="t">Escena: Revista de las artes</subfield>
    <subfield code="x">1409-2522</subfield>
    <subfield code="g">Vol.33, no,66 (2010)</subfield>
  </datafield>
  <datafield ind2=" " tag="942" ind1=" ">
    <subfield code="2">z</subfield>
    <subfield code="c">10</subfield>
  </datafield>
  <datafield ind1=" " ind2=" " tag="999">
    <subfield code="c">120</subfield>
    <subfield code="d">120</subfield>
  </datafield>
</record>